@book{ehrgott2005multicriteria,
  title={Multicriteria optimization},
  author={Ehrgott, Matthias},
  volume={491},
  year={2005},
  publisher={Springer Science \& Business Media}
}


@article{steuer1986multiple,
  title={Multiple criteria optimization},
  author={Steuer, Ralph E},
  journal={Theory, Computation and Applications},
  year={1986},
  publisher={Wiley}
}

@book{zeleny1973multiple,
  title={Multiple criteria decision making},
  author={Zeleny, Milan and Cochrane, James L},
  year={1973},
  publisher={University of South Carolina Press}
}

