@article{path,
  title={GRASP for set packing problems},
  author={Delorme, Xavier and Gandibleux, Xavier and Rodriguez, Joaquin},
  journal={European Journal of Operational Research},
  volume={153},
  number={3},
  pages={564--580},
  year={2004},
  publisher={Elsevier}
}

