@inproceedings{monniaux:hal-01206882,
  TITLE = {{Cell morphing: from array programs to array-free Horn clauses}},
  AUTHOR = {Monniaux, David and Gonnord, Laure},
  URL = {https://hal.archives-ouvertes.fr/hal-01206882},
  BOOKTITLE = {{23rd Static Analysis Symposium (SAS 2016)}},
  ADDRESS = {Edimbourg, United Kingdom},
  EDITOR = {Xavier Rival},
  SERIES = {Static Analysis Symposium},
  YEAR = {2016},
  MONTH = Sep,
  KEYWORDS = {program verification ; static analysis ; abstract interpretation ; horn clauses},
  PDF = {https://hal.archives-ouvertes.fr/hal-01206882/file/arrays_Horn_articleHAL.pdf},
  HAL_ID = {hal-01206882},
  HAL_VERSION = {v3},
}

@ARTICLE{Lustre, 
author={N. Halbwachs and P. Caspi and P. Raymond and D. Pilaud}, 
journal={Proceedings of the IEEE}, 
title={The synchronous data flow programming language LUSTRE}, 
year={1991}, 
volume={79}, 
number={9}, 
pages={1305-1320}, 
keywords={parallel languages;program verification;temporal logic;LUSTRE;description tools;program verification methodology;reactive systems;sequential program;synchronous data flow programming language;temporal logics;Aerospace control;Automatic programming;Computer languages;Computerized monitoring;Delay;Design methodology;Frequency synchronization;Hardware design languages;Protocols;Real time systems}, 
doi={10.1109/5.97300}, 
ISSN={0018-9219}, 
month={Sep},}

@article{BCE+03, 
    title = {The synchronous languages 12 years later }, 
    author = {Benveniste, Albert and Caspi, Paul and Edwards, Stefan A. and Halbwachs, Nicolas and Le Guernic, Paul and De Simone, Robert},
    month = {January},
    year = {2003},
    journal = {Proceedings of the IEEE},
    number = {1},
    volume = {91},
    team = {SYNC},
}

@article{MOREL200219,
title = "Efficient compilation of array iterators for Lustre",
journal = "Electronic Notes in Theoretical Computer Science",
volume = "65",
number = "5",
pages = "19 - 26",
year = "2002",
note = "SLAP'2002, Synchronous Languages, Applications, and Programming (Satellite Event of ETAPS 2002)",
issn = "1571-0661",
doi = "http://dx.doi.org/10.1016/S1571-0661(05)80437-2",
url = "http://www.sciencedirect.com/science/article/pii/S1571066105804372",
author = "Lionel Morel",

}

@misc{LustreRefMan,
  title = "{The Lustre V6 Reference Manual}",
  author = "{Erwan Jahier, Pascal Raymond, Nicolas Halbwachs}",
  howpublished = "\url{http://www-verimag.imag.fr/DIST-TOOLS/SYNCHRONE/lustre-v6/doc/lv6-ref-man.pdf}"
}

@misc{TutorialLustre,
  title = "{A Tutorial of Lustre}",
  author = "{Halbwachs, Nicolas and Raymond, Pascal}",
  year = "2007",
  howpublished = "\url{http://homepage.cs.uiowa.edu/~tinelli/5810/Papers/Halb02.pdf}"
}

@misc{Z3,
  title = "{Z3 Theorem Prover}",
  author = "{Microsoft Research}",
  howpublished = "\url{https://github.com/Z3Prover/Z3}"
}

@inproceedings{smt,
  title={The smt-lib standard: Version 2.0},
  author={Barrett, Clark and Stump, Aaron and Tinelli, Cesare and others},
  booktitle={Proceedings of the 8th International Workshop on Satisfiability Modulo Theories (Edinburgh, England)},
  volume={13},
  pages={14},
  year={2010}
}

@techreport{rapportstagesobi,
  TITLE = {{Static Analysis via Horn Encoding from synchronous Dataflow Programs}},
  AUTHOR = {Gonnord, Laure and Bagoly, Szabolcs-Marton and Morel, Lionel},
  URL = {https://hal.inria.fr/hal-01614637},
  TYPE = {Technical Report},
  NUMBER = {RT-0492},
  PAGES = {25},
  INSTITUTION = {{Universit{\'e} Lyon 1 Claude Bernard, LIP \& INSA, CITI }},
  YEAR = {2017},
  MONTH = Oct,
  KEYWORDS = {Static Analysis ; Horn Clauses ; Lustre ; Array properties ; Clauses de Horn ; Analyse Statique ; Tableaux},
  PDF = {https://hal.inria.fr/hal-01614637/file/RR-0492-lustrearray.pdf},
  HAL_ID = {hal-01614637},
  HAL_VERSION = {v1},
}