@article{goossens2004branch,
  title={A branch-and-cut approach for solving railway line-planning problems},
  author={Goossens, Jan-Willem and Van Hoesel, Stan and Kroon, Leo},
  journal={Transportation Science},
  volume={38},
  number={3},
  pages={379--393},
  year={2004},
  publisher={INFORMS}
}

@article{rapport,
        title = {Chiffres et repères Nantes et ses quartiers},
        year = {2012},
        organization = {Nantes Métropole Auran},
        author = {Nantes Métropole Auran},
        url = {https://auran.org/sites/default/files/publications/documents/65_15quartiersnantais_web.pdf},
    }
